<record><leader>00000cas a22000007a 4500</leader><controlfield tag="001">17152222</controlfield><controlfield tag="008">871130d18811918nyuwr ne      0    0eng d</controlfield><datafield ind1=" " ind2=" " tag="010"><subfield code="a">sn 88074217 </subfield></datafield><datafield ind1=" " ind2=" " tag="040"><subfield code="a">NYS</subfield><subfield code="b">eng</subfield><subfield code="c">NYS</subfield><subfield code="d">OCLCQ</subfield></datafield><datafield ind1=" " ind2=" " tag="042"><subfield code="a">msc</subfield></datafield><datafield ind1="0" ind2="4" tag="245"><subfield code="a">The Mount Morris union.</subfield></datafield><datafield ind1=" " ind2=" " tag="260"><subfield code="a">Mount Morris, N.Y. :</subfield><subfield code="b">Ellicott &amp; Dickey,</subfield><subfield code="c">1881-</subfield></datafield><datafield ind1=" " ind2=" " tag="300"><subfield code="a">v.</subfield></datafield><datafield ind1=" " ind2=" " tag="310"><subfield code="a">Weekly</subfield></datafield><datafield ind1="0" ind2=" " tag="362"><subfield code="a">Vol. 34, no. 47 (Nov. 10, 1881)-</subfield></datafield><datafield ind1="1" ind2=" " tag="362"><subfield code="a">Ceased June 27, 1918.</subfield></datafield><datafield ind1=" " ind2=" " tag="515"><subfield code="a">Vol. and issue numbering erratic in Dec. 1882.</subfield></datafield><datafield ind1=" " ind2=" " tag="515"><subfield code="a">Jan. 4, 1906 issue misdated Jan 4, 1905.</subfield></datafield><datafield ind1=" " ind2="4" tag="651"><subfield code="a">Mount Morris (N.Y.)</subfield><subfield code="v">Newspapers.</subfield></datafield><datafield ind1=" " ind2=" " tag="752"><subfield code="a">United States</subfield><subfield code="b">New York</subfield><subfield code="c">Livingston</subfield><subfield code="d">Mount Morris.</subfield></datafield><datafield ind1="0" ind2="0" tag="780"><subfield code="t">Union and constitution</subfield><subfield code="w">(DLC)sn 83031230</subfield></datafield><datafield ind1="0" ind2="7" tag="785"><subfield code="t">Picket line post</subfield><subfield code="w">(DLC)sn 88074286</subfield><subfield code="w">(OCoLC)18001415</subfield></datafield><datafield ind1="0" ind2="7" tag="785"><subfield code="t">Picket line post and the Mount Moris union (Mount Morris, N.Y : 1918)</subfield><subfield code="w">(DLC)sn 88074285</subfield><subfield code="w">(OCoLC)18001420</subfield></datafield><datafield ind1="1" ind2=" " tag="029"><subfield code="a">AU@</subfield><subfield code="b">000025831143</subfield></datafield></record>